<?xml version="1.0" encoding="UTF-8"?><collection xmlns="http://www.loc.gov/MARC21/slim"><record><leader>00583nam--2200181-i-4500</leader><controlfield tag="001">000012940</controlfield><controlfield tag="002">20161230</controlfield><controlfield tag="005">20161230201030</controlfield><controlfield tag="008">060222s1000------------r-----000-0-fre-d</controlfield><datafield ind1=" " ind2=" " tag="040"><subfield code="a">IFIN-HH</subfield></datafield><datafield ind1=" " ind2=" " tag="041"><subfield code="a">fre</subfield></datafield><datafield ind1=" " ind2=" " tag="080"><subfield code="a">533.184.268(043)</subfield></datafield><datafield ind1="1" ind2=" " tag="100"><subfield code="a">Brechignac Tellac, Catherine</subfield></datafield><datafield ind1="1" ind2="0" tag="245"><subfield code="a">Deplacements isotopiques de certains elements(rubisium, cadmium, krypton) situes au voisinage de couches fermees</subfield><subfield code="b">These</subfield><subfield code="c">Catherine brechignac tellac</subfield></datafield><datafield ind1=" " ind2=" " tag="260"><subfield code="a">Orsay</subfield><subfield code="b">Universite De Paris-sud</subfield><subfield code="c">1977</subfield></datafield><datafield ind1=" " ind2=" " tag="300"><subfield code="a">/PAG.DIF.</subfield></datafield><datafield ind1=" " ind2=" " tag="852"><subfield code="a">46815</subfield><subfield code="c">539.18</subfield></datafield><datafield ind1=" " ind2=" " tag="CAT"><subfield code="a">Sys</subfield><subfield code="c">20120704</subfield><subfield code="h">135737</subfield></datafield></record></collection>